<?xml version="1.0" encoding="UTF-8"?><collection xmlns="http://www.loc.gov/MARC21/slim"><record><leader>00607nam--2200181-u-4500</leader><controlfield tag="001">000054924</controlfield><controlfield tag="002">20161230</controlfield><controlfield tag="005">20161230201051</controlfield><controlfield tag="008">120703s1000------------r-----000-0-fre-d</controlfield><datafield ind1=" " ind2=" " tag="040"><subfield code="a">IFIN-HH</subfield></datafield><datafield ind1=" " ind2=" " tag="041"><subfield code="a">fre</subfield></datafield><datafield ind1=" " ind2=" " tag="080"><subfield code="a">539.286(043)</subfield></datafield><datafield ind1="1" ind2=" " tag="100"><subfield code="a">Vassilev, Georges</subfield></datafield><datafield ind1="1" ind2="0" tag="245"><subfield code="a">Etude des excitations (n=2 et 3) de l'helium dnas les collisions he+ - he a basse energie (100-200 ev)par une methode de coincidences ion-photon polarise ou ion-metastablr de recul</subfield><subfield code="b">These</subfield><subfield code="c">Georges vassilev</subfield></datafield><datafield ind1=" " ind2=" " tag="260"><subfield code="a">Paris</subfield><subfield code="b">Universite</subfield><subfield code="c">1976</subfield></datafield><datafield ind1=" " ind2=" " tag="300"><subfield code="a">117P</subfield></datafield><datafield ind1=" " ind2=" " tag="852"><subfield code="a">44942</subfield><subfield code="c">539.18</subfield></datafield><datafield ind1=" " ind2=" " tag="CAT"><subfield code="a">Sys</subfield><subfield code="c">20120703</subfield><subfield code="h">151840</subfield></datafield></record></collection>